@article{matias2015reporting,
    title={Reporting, reviewing, and responding to harassment on Twitter},
    author={Matias, J Nathan and Johnson, Amy and Boesel, Whitney Erin and Keegan, Brian and Friedman, Jaclyn and DeTar, Charlie},
    year={2015},
    publisher={Women, Action, \& the Media (WAM!)}
}

@article{fitzgerald1995measuring,
    title={Measuring sexual harassment: Theoretical and psychometric advances},
    author={Fitzgerald, Louise F and Gelfand, Michele J and Drasgow, Fritz},
    journal={Basic and Applied Social Psychology},
    volume={17},
    number={4},
    pages={425--445},
    year={1995},
    publisher={Taylor \& Francis}
}

@article{pathak2015coping,
    title={A study of sexual harassment and coping behavior},
    author={Pathak, Aparna},
    journal={Indian Journal of Health \& Wellbeing},
    volume={6},
    issue={3},
    pages={344--349},
    year={2015},
    publisher={Indian Association of Health, Research and Welfare}
}

@article{chamberlain2008newcategories,
    title={Sexual Harassment in Organizational Context},
    author={Chamberlain, Lindsey and Crowley, Martha and Tope, Daniel and Hodson, Randy},
    journal={Work and Occupations},
    volume={35},
    number={3},
    pages={262--295},
    year={2008},
    publisher={Sage Publications, Inc.}
}

@article{gruber1992topology,
    title={A Typology of Personal and Environmental Sexual Harassment: Research and Policy, Implications for the 1990s},
    author={Gruber, James E.},
    journal={Sex Roles},
    volume={26},
    issue={11-12},
    pages={447--464},
    year={1992},
    publisher={Plenum Publishing Corporation}
  }

@article{berlin2005gruberverification,
    title={Variation in the Application of the “Promiscuous Female” Stereotype and the Nature of the Application Domain: Influences on Sexual Harassment Judgments after Exposure to the Jerry Springer Show},
    author={Ferguson, Tara and Berlin, Jeff and Noles, Erica and Johnson, James and Reed, William and Vincent Spicer, C.},
    journal={Sex Roles},
    volume={52},
    issue={7-8},
    pages={477--487},
    year={2005},
    publisher={Springer Science+Business Media, Inc.}
}

@article{murrell2002pastpresentfuture,
    title={Gender and Diversity in Organizations: Past, Present, and Future Directions},
    author={Murrell, Audrey J. and James, Erika Hayes},
    journal={Sex Roles},
    volume={45},
    issue={5-6},
    pages={243--257},
    year={2002},
    publisher={Plenum Publishing Corporation}
}

@article{schneider1997effects,
    title={Job-related and psychological effects of sexual harassment in the workplace; empirical evidence from two organizations},
    author={Schneider, K. T. and Swan, S. and Fitzgerald, L. F.},
    journal={Journal of Applied Psychology},
    volume={82},
    pages={401--415},
    year={1997},
    publisher={American Psychological Association}
}

@article{macmillan2000street,
    title={Experiencing the Streets: Harassment and Perceptions of Safety among Women},
    author={MacMillan, Ross and Nierobisz, Annette and Welsh, Sandy},
    journal={Journal of Research in Crime and Delinquency},
    volume={37},
    number={3},
    pages={306--322},
    year={2000},
    publisher={Sage Publications, Inc.}
}
