@article{matias2015reporting,
    title={Reporting, reviewing, and responding to harassment on Twitter},
    author={Matias, J Nathan and Johnson, Amy and Boesel, Whitney Erin and Keegan, Brian and Friedman, Jaclyn and DeTar, Charlie},
    year={2015},
    publisher={Women, Action, \& the Media (WAM!)}
}

@article{fitzgerald1995measuring,
    title={Measuring sexual harassment: Theoretical and psychometric advances},
    author={Fitzgerald, Louise F and Gelfand, Michele J and Drasgow, Fritz},
    journal={Basic and Applied Social Psychology},
    volume={17},
    number={4},
    pages={425--445},
    year={1995},
    publisher={Taylor \& Francis}
}

@article{pathak2015coping,
    title={A study of sexual harassment and coping behavior},
    author={Pathak, Aparna},
    journal={Indian Journal of Health \& Wellbeing},
    volume={6},
    issue={3},
    pages={344--349},
    year={2015},
    publisher={Indian Association of Health, Research and Welfare}
}

@article{chamberlain2008newcategories,
    title={Sexual Harassment in Organizational Context},
    author={Chamberlain, Lindsey and Crowley, Martha and Tope, Daniel and Hodson, Randy},
    journal={Work and Occupations},
    volume={35},
    number={3},
    pages={262--295},
    year={2008},
    publisher={Sage Publications, Inc.}
}

@article{gruber1992topology,
    title={A Typology of Personal and Environmental Sexual Harassment: Research and Policy, Implications for the 1990s},
    author={Gruber, James E.},
    journal={Sex Roles},
    volume={26},
    issue={11-12},
    pages={447--464},
    year={1992},
    publisher={Plenum Publishing Corporation}
  }

@article{berlin2005gruberverification,
    title={Variation in the Application of the “Promiscuous Female” Stereotype and the Nature of the Application Domain: Influences on Sexual Harassment Judgments after Exposure to the Jerry Springer Show},
    author={Ferguson, Tara and Berlin, Jeff and Noles, Erica and Johnson, James and Reed, William and Vincent Spicer, C.},
    journal={Sex Roles},
    volume={52},
    issue={7-8},
    pages={477--487},
    year={2005},
    publisher={Springer Science+Business Media, Inc.}
}

@article{murrell2002pastpresentfuture,
    title={Gender and Diversity in Organizations: Past, Present, and Future Directions},
    author={Murrell, Audrey J. and James, Erika Hayes},
    journal={Sex Roles},
    volume={45},
    issue={5-6},
    pages={243--257},
    year={2002},
    publisher={Plenum Publishing Corporation}
}

@article{schneider1997effects,
    title={Job-related and psychological effects of sexual harassment in the workplace; empirical evidence from two organizations},
    author={Schneider, K. T. and Swan, S. and Fitzgerald, L. F.},
    journal={Journal of Applied Psychology},
    volume={82},
    pages={401--415},
    year={1997},
    publisher={American Psychological Association}
}

@article{macmillan2000street,
    title={Experiencing the Streets: Harassment and Perceptions of Safety among Women},
    author={MacMillan, Ross and Nierobisz, Annette and Welsh, Sandy},
    journal={Journal of Research in Crime and Delinquency},
    volume={37},
    number={3},
    pages={306--322},
    year={2000},
    publisher={Sage Publications, Inc.}
}

@article{bostonLawReview,
    title={Sexual Harassment and Title VII -- A Better Solution},
    author={Pierce, Michelle Ridgeway},
    journal={Boston College Law Review},
    volume={30},
    issue={4},
    number={4},
    pages={1071--1101},
    year={1989},
    publisher={Boston College Law School}
}

@article{till,
    title={Sexual harassment: A report on the sexual harassment of students},
    author={Till, Frank J.},
    journal={},
    volume={},
    issue={},
    number={},
    pages={4--22},
    year={1980},
    publisher={The National Advisory Council on Women's Educational Programs}
}

#comment basically men are violent because they want to be MASCULINE and power of women is one of those things that make them phi(l) like a mAN
@article{amato2012power,
    title={The Relationship of Violence to Gender Role Conflict and Conformity to Masculine Norms in a Forensic Sample},
    author={Amato, Felix J.},
    journal={The Journal of Men's Studies},
    volume={20},
    issue={},
    number={3},
    pages={187--208},
    year={2012},
    publisher={Men's Studies Press, LLC}}
}

#sexual harassment perceptions differing among gender
@article{studzinska2015perception,
  TITLE = {{Gender differences in perception of sexual harassment}},
  AUTHOR = {Studzi{\'n}ska, Anna},
  URL = {https://tel.archives-ouvertes.fr/tel-01320713},
  NUMBER = {2015TOU20052},
  SCHOOL = {{Universit{\'e} Toulouse le Mirail - Toulouse II}},
  YEAR = {2015},
  MONTH = Sep,
  PDF = {https://tel.archives-ouvertes.fr/tel-01320713/file/Studzinska_Anna.pdf},
  HAL_ID = {tel-01320713},
  HAL_VERSION = {v1},
}

#university students do not perceive sexual harassment to be a big deal
@article{universityPerceptions,
    author = {Stephanie R. Sipe and C. Douglas Johnson and Donna K. Fisher},
    title = {University students' perceptions of sexual harassment in the workplace: A view through rose‐colored lenses},
    journal = {Equal Opportunities International},
    volume = {28},
    number = {4},
    pages = {336-350},
    year = {2009},
    doi = {10.1108/02610150910954791},
    URL = { https://doi.org/10.1108/02610150910954791},
    eprint = {https://doi.org/10.1108/02610150910954791}
}

#men harass women in work for power, whether they are a subordinate or superior
@article{doi:10.1177/0003122412451728,
    author = {Heather McLaughlin and Christopher Uggen and Amy Blackstone},
    title ={Sexual Harassment, Workplace Authority, and the Paradox of Power},
    journal = {American Sociological Review},
    volume = {77},
    number = {4},
    pages = {625-647},
    year = {2012},
    URL = {https://doi.org/10.1177/0003122412451728},
    journal={American Sociological Review}
}
